%% start of file `jdoe_publications.bib'.
%% Copyright 2006 Xavier Danaux (xdanaux<AT>gmail.com).
%
% This work may be distributed and/or modified under the
% conditions of the LaTeX Project Public License version 1.3c,
% available at http://www.latex-project.org/lppl/.


@MISC{poil,
    author = {Wolters Kluwer Belgium N.V.},
    title = {\textit{MonKEY.be, la base de données en ligne destinée aux professionnels de la Fiscalité et de la Comptabilité}},
    year = "2012",
    howpublished = "Accessible sur Internet à l'adresse http://www.monkey.be/"
}

%% end of file `jdoe_publications.bib'.
